<?xml version="1.0" encoding="UTF-8"?><collection xmlns="http://www.loc.gov/MARC21/slim"><record><leader>00354nam--2200121-i-4500</leader><controlfield tag="001">000027695</controlfield><controlfield tag="002">20161230</controlfield><controlfield tag="005">20161230201036</controlfield><controlfield tag="008">060222s1000------------r-----000-0-eng-d</controlfield><datafield ind1=" " ind2=" " tag="100"><subfield code="a">Kretzschmer, Fritz</subfield></datafield><datafield ind1=" " ind2=" " tag="245"><subfield code="a">Taschenbuch der durchflussmessung mit blenden. 6-te neubearbeitete auflage</subfield></datafield><datafield ind1=" " ind2=" " tag="260"><subfield code="a">Dusseldorf, Vdi-verlag, 1958, Viii + 72p</subfield></datafield><datafield ind1=" " ind2=" " tag="852"><subfield code="a">13931</subfield></datafield></record></collection>